2934 4659
1091 339 1215 374 ,ιι

572 397 777 482 MUSCI'
1152 424 1222 473 ror
1323 346 1326 350 <

98 598 271 666 ‚vandum
283 592 662 676 mihi‹oeeurrit,qurm
675 585 767 674 quod
777 584 958 668 admodum
976 585 1223 663 oeducasit‚ob
1284 648 1289 654 .
1442 591 1443 632 l

122 686 268 776 oapsulae
291 683 438 747 formam
459 687 497 745 et
510 674 751 746 directionem,
772 672 991 764 operculique
1013 673 1226 741 brevitatem:
1439 649 1445 746 l

121 772 209 838 Eam
231 791 315 836 vero
336 767 446 856 ipsam
479 765 522 830 ob
543 784 678 828 oausam
709 759 780 825 basi
807 781 928 848 parum
958 760 1136 848 explanata
1157 773 1231 847 est‚”
1444 833 1446 856 χ

121 855 333 942 marginibus
362 853 492 920 fissurae
515 844 787 934 conniventibus,
815 855 975 931 angusta,
1001 846 1167 913 *subulata
1189 862 1225 914 et
1255 853 1279 892 Ὗ
1363 883 1365 888 s
1445 869 1447 926 ζ

120 942 323 1028 torquatula.
348 938 481 1025 Quibus
500 934 669 1010 omnibus,
694 956 713 997 a
734 955 788 997 me
805 933 873 1010 iam
896 931 1099 1015 anteplures
1117 957 1224 999 annos
1330 961 1335 966 ¹
1446 999 1447 1006 χ

123 1026 319 1109 observatis,
336 1032 426 1089 nnnc
450 1020 696 1111 experientiam
711 1018 762 1085 Cl.
775 1018 1011 1097 Hiibeneri,
1034 1019 1151 1085 eadem
1170 1020 1235 1086 fe-'

123 1136 164 1179 re
186 1111 401 1189 affirmantis,
423 1110 544 1177 addere
562 1107 674 1171 liceat.
719 1105 785 1170 Cui
805 1104 906 1169 etiam
924 1105 1091 1178 Auctoris
1119 1129 1225 1189 genus

121 1220 255 1264 novum
291 1197 398 1265 nihilo
434 1196 548 1262 minus
581 1191 771 1278 coeptanti.
812 1189 911 1262 facile
940 1191 1162 1271 adstantium,
1195 1187 1254 1258 ai‘

121 1285 351 1352 characterem
376 1279 646 1370 quodammodo
669 1276 877 1365 probabilem
901 1274 1066 1343 detexerit
1093 1279 1225 1363 aliquis.
1257 1287 1267 1352 ,’
1282 1304 1305 1354 j

58 1421 67 1428 .
137 1361 142 1368 ⁶
208 1369 286 1438 Hoc
310 1372 410 1448 etiarn
434 1370 507 1433 loeo
525 1365 679 1453 quaedam
695 1365 737 1432 de
758 1363 870 1452 Bryo
892 1361 1104 1446 paludoso
1124 1366 1227 1434 Linn.

119 1457 262 1526 mon'ere
282 1467 434 1545 oportet,
459 1451 618 1541 quoniam
636 1451 719 1516 illud
737 1447 922 1535 generatim
945 1471 1008 1534 pro
1030 1449 1226 1516 Weissia

118 1543 284 1634 pusilla
318 1542 444 1609 Hedw·
475 1539 636 1614 habetur,
689 1540 754 1605 uod
789 1534 816 1602 si
852 1533 972 1600 merito
1005 1535 1114 1613 fieret,
1152 1539 1227 1604 haeo

77 1637 85 1682 ἓ
116 1627 270 1720 plantula
293 1629 382 1695 inter
403 1627 524 1715 stirpes
546 1624 659 1690 Florae
715 1622 884 1711 psaliensis
905 1633 992 1687 esset
1011 1625 1231 1708 numeranda·

14 1771 19 1784 ,
119 1737 198 1780 cum
220 1717 256 1781 in
277 1715 329 1779 Fl.
350 1715 442 1778 Svec.
464 1711 603 1775 unicum
628 1710 734 1796 Bryi
755 1708 959 1792 paludosi
982 1710 1095 1773 locum
1116 1711 1229 1796 speci-

121 1801 209 1863 alem
231 1801 288 1863 ”in
311 1797 461 1863 humidis
483 1808 516 1859 et
537 1794 622 1879 palis
637 1794 677 1857 ad
691 1804 827 1879 pontem
844 1793 1034 1857 versatilem
1057 1792 1229 1880 Upsaliae”
1251 1814 1271 1869 ἃ

8 1951 9 1956 ,
119 1883 219 1948 astert
238 1882 456 1958 Linnaeus,
481 1901 542 1944 nee
564 1900 634 1942 nou
658 1877 903 1943 Ehrhartus
927 1877 1043 1963 (Beitr.
1061 1880 1089 1944 5.
1110 1906 1144 1969 p.
1161 1882 1227 1967 52.)

125 1967 266 2034 eandem
289 1967 380 2034 inter
402 1969 532 2057 plantas
555 1987 574 2028 a
598 1985 635 2026 se
653 1959 948 2052 quoqueUpsaliae
967 1964 1057 2032 visas
1083 1988 1228 2032 enume-
1273 1991 1279 2010 ‚

121 2066 186 2120 rat·
231 2054 349 2120 Primo
378 2054 484 2142 igitur
505 2054 545 2117 de
565 2050 671 2135 figura
704 2049 897 2136 Dilleniano
928 2050 1047 2138 (mure.
1071 2062 1094 2119 t.
1117 2058 1172 2142 ⁴49.
1194 2051 1228 2138 f

102 2141 206 2224 dh),
228 2161 304 2225 quaa
326 2141 505 2206 Linuaeo
529 2137 628 2202 unica
650 2138 829 2203 auotoritas
851 2150 918 2213 est,
950 2148 1082 2203 tantum
1107 2141 1228 2204 obser-

116 2247 256 2303 vemus,
278 2226 349 2293 cet.
371 2225 619 2292 Hookerum
643 2225 795 2290 maximo
812 2235 863 2286 ut·
876 2223 1011 2288 videtur
1032 2225 1114 2305 jure.
1127 2225 1230 2289 dubi·

16 2343 22 2358 ²
115 2325 190 2376 tare
211 2333 254 2373 an
277 2311 335 2374 illa
357 2309 596 2376 Weissiam
633 2307 839 2391 pusillam
872 2307 988 2372 sistere
1008 2311 1131 2389 possit.
1164 2312 1229 2374 lia·

119 2396 194 2461 bitu
227 2405 262 2456 et
291 2395 365 2455 loeo
388 2392 562 2458 aresetendi
585 2389 873 2472 diversissimam
904 2403 944 2455 ut
977 2391 1074 2455 valde
1100 2392 1229 2459 mirum
1286 2436 1288 2440 -
1321 2458 1327 2470 ,
1385 2451 1386 2458 ,

48 2539 52 2546 .
120 2479 181 2553 sit,
214 2478 385 2541 Auctores
419 2479 603 2563 plerosque
638 2475 842 2540 recentiores
882 2477 1002 2542 nihilo
1024 2476 1136 2544 minus
1166 2480 1228 2545 ΒΡ.
1315 2479 1318 2484 ’

118 2562 369 2651 paludosum
395 2564 496 2627 Linn.
519 2562 562 2625 ad
593 2560 658 2626 W.
690 2562 886 2646 pusillam
915 2565 1033 2641 citare,
1066 2563 1167 2630 nullis
1188 2590 1228 2629 o-

119 2648 259 2728 mnino,
283 2648 402 2736 quibus
415 2648 622 2717 refutaretur
635 2647 799 2713 sententia
816 2649 1009 2718 Hookeri
1032 2662 1065 2714 et
1088 2651 1168 2718 We
1180 2651 1199 2714 h
1211 2692 1231 2706 -

117 2735 347 2819 imber-gii,
365 2732 553 2804 rationibus
575 2732 690 2800 allatis.
739 2736 835 2799 Hauc
860 2741 951 2801 vero'
967 2759 1043 2801 rem
1063 2735 1120 2815 iis,
1151 2738 1231 2820 qui.

41 2827 47 2838 '
117 2824 182 2888 hus
207 2824 299 2886 loeus
322 2832 370 2885 est
389 2822 581 2898 herbarium
604 2819 837 2884 Dilleuianum
851 2822 1103 2907 perscrutandi,
1121 2826 1232 2889 relin-

124 2919 280 2996 quentes,
302 2906 343 2970 ad
370 2906 507 2973 Floram
525 2906 779 2995 Upsaliensem,
816 2929 890 2992 quae
916 2908 1012 2973 nohis
1037 2921 1143 2995 patet,
1171 2915 1232 2975 re-'
1284 2938 1286 2942 ·

120 2992 297 3059 vertimur.
343 2991 495 3056 Plantam
520 2994 624 3077 igitur
648 2991 746 3055 istam
761 2992 981 3060 Linnaeanam
993 2994 1232 3081 Upsaliensem

118 3078 355 3162 Weissiam
383 3076 593 3164 pusillam
616 3100 709 3153 esse,
732 3078 882 3155 nemini,
905 3079 963 3169 qni
988 3082 1164 3169 Upsaliam
1186 3105 1227 3146 a·
1286 3123 1289 3136 ι

60 3228 63 3233 .
114 3164 279 3267 liquando
301 3162 403 3243 vidit,
426 3167 461 3233 in
491 3178 638 3231 mentem
663 3164 916 3253 venirepotest.
961 3169 1228 3233 Loooautema
1267 3179 1299 3220 Ἀ
1379 3227 1388 3254 ὀ

117 3255 263 3320 Lmnaeo
285 3250 387 3315 citato
412 3249 646 3337 copiosissime
659 3250 817 3316 invicem
842 3254 1039 3319 intermixta
1075 3257 1230 3319 creseunt

116 3341 275 3428 Bryum
307 3336 555 3425 pyriforme
587 3348 620 3402 et
652 3336 1014 3423 Gymnostomum
1042 3339 1227 3404 Heimiiz

117 3425 182 3490 hoc
205 3425 293 3488 inter
316 3426 427 3488 caules
450 3425 543 3492 illius
566 3423 690 3508 saepius
714 3425 843 3490 steriles
867 3428 954 3491 bene
979 3421 1244 3503 absconditum(

119 3508 329 3594 capsulisque
352 3522 482 3576 tantum
509 3509 714 3596 prominulis
737 3506 968 3595 conspicuum.
1004 3506 1167 3575 'Harum
1199 3511 1230 3574 i-

119 3594 212 3678 gitur
229 3593 420 3679 plantarum
446 3598 632 3660 mixturam
645 3619 663 3660 a
675 3594 727 3659 Li
739 3619 761 3658 n
775 3619 794 3659 n
808 3619 866 3661 aeo
889 3620 953 3684 pro
967 3596 997 3669 ΙΒ
1009 3619 1088 3681 ryo
1110 3595 1229 3684 palu-

119 3682 222 3743 doso
247 3676 395 3745 habitam
421 3703 493 3744 esse
516 3681 683 3769 suspicor,
720 3683 816 3748 merit
851 3684 987 3769 quidem
1020 3683 1228 3765 conjectura,
1311 3717 1313 3724 ι

115 3766 173 3829 sed
202 3767 293 3829 certe
312 3761 574 3845 verisimillima.
619 3765 883 3834 Ehrhartum
904 3790 990 3833 vero
1014 3770 1114 3854 longe
1136 3768 1228 3834 aliud

88 3861 179 4004 ’Ῑέὀ
216 3851 327 3937 Bryo
364 3853 576 3940 paludoso
615 3853 785 3929 habuisse,
830 3856 915 3919 bene
948 3857 1041 3940 petet
1074 3877 1118 3919 ex
1153 3854 1226 3935 ejus
1280 3843 1284 3862 ⁹

26 4009 27 4012 Ἴ
150 3937 224 4003 eitr.
256 3938 286 4006 5·
315 3960 350 4024 p.
387 3937 472 4017 156„
512 3940 568 4002 uhi
592 3939 691 4020 dicit,
727 3938 813 4004 illud
848 3940 1024 4007 ”dentibus
1051 3939 1182 4005 bifidis’
1206 3963 1257 4007 a‘

26 4015 27 4074 l
115 4028 224 4114 Bryo
248 4025 444 4093 viridulo
468 4025 675 4113 (Weissia
693 4028 994 4113 controversa)
1017 4049 1090 4092 esso
1113 4026 1225 4101 diver-¹
