2934 4659
34 333 36 342 s
260 331 343 426 sn
590 409 601 431 .
708 308 1102 394 crrrrooaum

110 570 115 580 ·
193 545 198 550 “
269 499 372 602 vavi,
395 520 495 588 etiam
514 519 549 585 in
569 541 585 584 a
609 469 808 587 criminibus
827 514 841 583 i
867 514 937 582 sius
952 496 1392 602 Celh'ind'sabergii.

268 611 344 676 lam
366 620 462 673 autea
484 607 558 693 tin·
596 538 1049 693 et..Aca‹tlrsl,1851.p
1072 599 1160 689 550.)
1195 605 1239 666 de
1271 602 1390 667 ideu-

167 730 173 746 ‚
201 698 205 732 ²
246 699 362 761 'litate
395 694 515 759 barum
548 693 738 780 specierum
770 693 961 781 paucissmo
983 709 1123 757 mouere
1148 707 1252 754 ausus
1273 709 1390 765 sum,

270 805 332 848 nec
354 779 476 845 deindo
495 781 630 845 easdem
652 776 857 862 distingvero
878 774 990 842 didici.
1040 771 1263 841 Revisionent
1290 749 1402 844 verol

269 889 394 934 novam
415 867 639 953 specimiaum
658 881 813 929 meorum
835 863 1029 938 instituens,
1048 853 1268 939 omniafere,
1295 861 1404 947 quael

263 956 306 1019 'in
324 950 427 1017 variis
454 945 580 1016 Sveoiae
599 949 760 1037 ‘partibus
781 949 854 1037 ipse
876 947 995 1033 collegi
1017 946 1176 1032 atquead
1199 949 1226 1022 J.
1249 948 1385 1018 exci-

270 1059 350 1104 sam
375 1037 491 1116 retuli,
513 1037 557 1101 ob
578 1034 705 1100 areolas
725 1034 884 1101 distantes
902 1047 963 1099 cet.
975 1032 1089 1122 potius
1100 1033 1140 1099 ad
1160 1028 1187 1097 J·
1209 1033 1383 1098 ventri·
1395 1065 1403 1112 ,-

270 1145 415 1202 rosam
433 1123 604 1210 pertinere
635 1119 722 1196 vidi,
753 1121 831 1185 licet
847 1122 963 1187 -forma
985 1131 1019 1182 et
1035 1120 1129 1186 color
1148 1118 1292 1206 oolycis‚
1313 1118 1382 1182 'cui

267 1209 372 1282 antea,
410 1206 687 1274 raeeuutoHook
698 1229 783 1284 ero,
797 1206 868 1273 fere
881 1206 978 1271 unice
993 1202 1094 1270 fidem
1110 1204 1225 1282 bobui,
1248 1205 1379 1272 melius

273 1232 407 1361 rumli
431 1294 576 1361 excisa
600 1292 812 1358 conveniant.
850 1291 1049 1358 -Glomeruli
1069 1288 1149 1356 flavi
1167 1291 1203 1356 in
1215 1292 1377 1382 apicibus

268 1382 431 1447 loliorum
454 1382 520 1462 jam
547 1378 681 1454 adsunt,
714 1376 782 1457 jam
805 1379 1041 1462 desiderantur.
1094 1380 1130 1458 ln
1156 1380 1251 1465 sylva
1277 1379 1376 1464 regio

269 1466 457 1554 Upsaliensi
479 1463 662 1550 specimina
684 1460 775 1526 bisce
799 1464 1167 1550 glomerulisinstructa
1182 1466 1258 1548 legi,
1276 1487 1376 1550 quo·

268 1575 347 1619 rum
367 1571 446 1616 vero
463 1553 593 1637 calyces
611 1549 761 1632 oblongi,
778 1572 923 1637 superne
936 1550 1156 1627 albescentes,
1179 1574 1237 1615 ore
1249 1562 1374 1636 aperto

160 1633 165 1647 ⁴
271 1640 332 1702 vix
354 1636 491 1722 plicato,
525 1633 664 1700 omniuo
691 1634 720 1698 l.
745 1635 897 1701 exoisae
920 1637 1096 1709 videntura
1130 1650 1265 1702 textura
1287 1659 1373 1710 vero

270 1724 431 1788 loliorum
458 1723 550 1808 inter,
576 1719 661 1785 banc
682 1732 716 1784 et
734 1720 761 1785 J.
782 1722 1065 1787 ventricosam
1088 1723 1224 1787 oscillat.
1281 1721 1373 1807 Qui·

268 1811 332 1875 bus
353 1807 455 1892 igitur
481 1806 638 1887 omnibus
657 1821 867 1883 commotus,
890 1831 957 1873 non
982 1830 1117 1893 possum
1140 1808 1220 1893 quio
1248 1807 1289 1873 de
1317 1810 1374 1874 di·

208 1935 213 1944 κ
271 1894 429 1961 versitate
457 1893 576 1960 barum
599 1894 787 1978 specierum
818 1896 915 1958 valde
939 1895 1099 1960 dubitem.
1144 1894 1295 1972 Tamen,
1326 1920 1373 1962 ne

271 1981 373 2060 dubia
396 1990 466 2067 'pro
481 1979 579 2043 certis
604 2000 812 2062 proponam,
834 1979 1036 2065 conjungere
1058 1980 1154 2057 nolo,
1182 1981 1371 2066 praesertim
1427 2009 1428 2012 ¹

212 2135 215 2140 ,
272 2089 349 2130 cum
372 2066 496 2128 nullam
515 2065 622 2127 adbuc
646 2064 792 2147 plantam
821 2066 892 2152 ipse
914 2063 1071 2150 legerim,
1100 2086 1202 2151 quam
1231 2080 1303 2131 tuto
1326 2070 1365 2132 ad

270 2153 298 2216 J.
320 2150 507 2214 excisam
531 2147 660 2212 rel'erre
684 2150 827 2233 possim3
857 2149 886 2212 J.
910 2151 1197 2215 ventricosam
1228 2165 1361 2219 vercor

271 2232 707 2324 primam-gemmiferam,
733 2236 906 2324 calycibus
931 2235 1071 2322 omnino
1096 2236 1255 2320 globosis,
1288 2263 1382 2317 con-¹

270 2322 454 2397 coloribus,
489 2318 633 2406 Upssliae
663 2321 789 2405 pluries
817 2321 1014 2386 invenerim.
1062 2322 1165 2408 Apud
1189 2347 1251 2392 nos
1272 2341 1369 2391 antea

268 2405 535 2555 f⁰¹¹⁸³¹¹⁰l¹¹³lsl¹
558 2405 831 2496 bicuspidata
857 2416 1062 2472 commutato
1086 2421 1151 2486 est,
1169 2411 1260 2473 ,licet
1290 2407 1372 2478 huic

267 2515 387 2582 porum
406 2513 537 2556 simiis.
1039 2509 1041 2513 ·

170 2685 173 2692 ,
270 2620 376 2690 sno.
396 2587 776 2687 suucnnunuurn
798 2614 987 2687 asarenam
1022 2623 1164 2691 sumna
1189 2622 1369 2701 abbrevia.

355 2711 398 2772 tis
422 2697 723 2795 procumbentibus
744 2701 1033 2794 subsimplicibus,
1056 2712 1369 2787 foliissubvertica·
1413 2731 1416 2744 '

302 2799 308 2808 ’
358 2794 447 2860 libus
467 2791 741 2859 rotundo-oratis
768 2804 922 2858 concavis
945 2804 1041 2861 acute
1063 2798 1289 2884 emarginatis:
1322 2810 1368 2875 ta.

356 2879 454 2954 ciniis
487 2880 609 2957 acutis,
645 2878 839 2964 pericbaetio
866 2879 956 2946 loliis
988 2885 1157 2969 supremis
1187 2888 1366 2957 subtrifidis

286 2967 288 2970 ’
330 2967 648 3032 ,deitato-serratis
676 2964 843 3050 adpressis
867 2965 937 3031 basi
964 2967 1175 3037 circumdato
1190 2980 1367 3065 ovatopli.

357 3064 430 3116 cato
450 3073 510 3116 ore
528 3061 702 3119 contracto
725 3050 866 3116 dentato.

352 3138 379 3204 J.
396 3127 564 3200 hierenus
587 3129 732 3201 Schmid.
755 3138 839 3201 icon.
853 3146 875 3200 t.
892 3135 942 3203 64.
957 3135 994 3227 s
1009 3163 1033 3206 1.
1058 3136 1213 3206 Lindeab
1235 3138 1360 3229 synope.
1391 3166 1394 3172 ⁴

325 3251 329 3260 ¹
397 3246 432 3373 gi
449 3220 501 3289 82.
532 3217 680 3376 inllr.
701 3231 808 3308 crypt.
827 3241 939 3312 germ.
957 3248 983 3291 1.
994 3252 1029 3317 p.
1048 3223 1097 3294 65.
1118 3222 1220 3292 Blort
1235 3247 1358 3315 synops.

376 3359 383 3367 .
421 3330 506 3376 ,n-
550 3352 559 3371 .
605 3330 632 3370 s.

230 3387 238 3400 ⁸
312 3395 400 3464 Hab.
421 3394 456 3457 in
469 3329 671 3479 margiriibus
685 3392 781 3461 fossae
794 3395 940 3462 humidae
958 3416 1104 3466 arenosae
1114 3394 1249 3462 collium
1263 3392 1365 3459 Lass-

360 3477 557 3568 byensium‚
580 3480 649 3544 unb
663 3502 758 3548 cum.
786 3477 1175 3569 loribus'buju'sgeueris
1194 3479 1368 3569 speciebus

361 3565 563 3643 rarioribus,
597 3587 705 3645 parce.
800 3569 984 3657 enseMaji
1008 3568 1221 3637 fructiferam
1244 3568 1369 3635 iuveni.

312 3652 392 3719 loon
425 3649 573 3717 Ekarti
605 3664 670 3717 tam
694 3653 784 3736 bona
812 3667 884 3733 est,
920 3668 972 3736 ut,
1005 3677 1080 3742 quae
1110 3654 1371 3741 descriptionem

272 3740 343 3807 cet.
365 3735 685 3824 Lindenbergii
715 3741 884 3826 egregiam
914 3742 1076 3820 illustret,
1096 3740 1237 3808 omuino
1273 3743 1394 3827 digna>

271 3826 438 3902 videatur,
460 3824 611 3916 quamvis
633 3824 703 3892 cet.
722 3825 878 3912 Hiibop
891 3845 934 3893 er
956 3827 990 3892 in
1011 3827 1134 3894 Diario
1149 3825 1369 3894 Ratisbonen·

249 3989 253 3996 .
273 3911 304 3979 si
324 3911 487 3990 observet,
511 3927 584 3976 eam
602 3932 622 3977 a
642 3908 672 3976 J.
693 3912 951 3981 intermedia
971 3936 1042 3981 non
1063 3913 1142 3984 satis
1161 3911 1249 3983 bons
1267 3911 1370 3982 fuisse
