2934 4659
487 433 490 442 .
582 367 750 446 Mmffl
904 465 949 494 δ’
1142 398 1223 469 sm
1325 317 1327 324 ‹

11 589 13 592 ·
115 563 227 634 differt
248 562 450 654 pericltastiis
483 563 632 652 calyptra
653 562 762 654 duplo
785 562 1005 651 longioribus.
1049 565 1222 657 Reliquae,

114 673 189 737 quae
212 655 248 718 in
267 652 390 738 plantis
412 650 583 718 sterilibus
603 652 789 717 observatae
802 661 882 718 sunt
904 651 1122 732 differentiae,
1140 679 1221 736 cer-

109 748 164 812 te,
199 751 238 803 ut
282 737 409 826 optimo
444 738 651 802 'monstravit
683 735 754 802 Oet.
789 723 1083 822 L⁸tndenberg,
1123 745 1222 829 parvi

107 833 187 888 sunt
209 822 390 900 momenti,
411 822 519 899 unde,
542 844 618 887 cum
640 822 825 911 specimina
845 834 977 888 tantum
1000 826 1125 890 sterilia
1146 827 1221 917 Up-
1267 891 1268 896 ,

61 943 67 946 -
107 910 199 973 saliae
221 910 304 972 lecta
326 910 419 986 sint,
445 908 653 974 mentionem
682 932 802 976 eorum
836 909 947 975 lacere
977 911 1034 976 diu
1060 912 1219 981 haesitavi.

90 995 323 1082 *Comparatio
354 1013 434 1059 vero
466 993 707 1082 speciminibus
738 993 948 1071 fructiferis,
979 1019 999 1061 a
1024 996 1091 1062 Cel.
1114 993 1219 1065 Lin-

106 1081 295 1167 denberg
331 1080 495 1147 benevole
516 1080 783 1157 communicatis,
808 1081 956 1167 plantam
982 1082 1217 1170 Upsatiensem

9 1221 12 1234 ,
106 1168 230 1238 iisdem
259 1166 532 1232 consimillimam
561 1166 697 1247 inveni,
731 1166 821 1231 loliis
853 1167 963 1232 minus
998 1168 1214 1250 distantibus,

105 1276 151 1318 sae
177 1253 447 1340 camarginatis.
470 1252 668 1340 stipulisque
691 1254 791 1317 valde
812 1254 1025 1319 evidentibus
1047 1256 1215 1324 diversam
1273 1259 1278 1269 '

104 1277 174 1405 al.
201 1340 491 1427 pallescente,
513 1342 610 1421 cujus
635 1338 737 1404 etiarn
760 1342 918 1426 exempla
941 1341 1034 1405 dedit
1057 1342 1123 1408 Vir
1143 1345 1215 1409 lau—

104 1429 213 1492 datus.
260 1426 416 1491 Textura
450 1447 531 1490 vero
565 1424 727 1491 loliorum
760 1425 794 1490 in
819 1426 1062 1512 speciminibus
1084 1431 1216 1494 utrius-

9 1513 11 1524 '
51 1535 56 1544 ·
101 1534 168 1600 que
190 1511 313 1598 speciei
347 1512 486 1578 omnino
521 1514 638 1582 eadem
673 1510 757 1576 mihi
789 1513 934 1577 videtur.
979 1514 1171 1600 Specimiua
1194 1539 1215 1580 a

101 1599 173 1666 Cel.
198 1598 406 1664 Hartman
439 1620 483 1663 ex
520 1596 671 1678 fontibus
708 1597 839 1683 frigidis
876 1598 1059 1684 Helsingiae
1086 1603 1211 1679 missa,

8 1703 28 1722 v·
100 1687 140 1749 ad
170 1683 199 1748 J.
221 1682 528 1748 Trichomanis
558 1683 704 1748 nimium
735 1684 851 1748 forsan
885 1687 1050 1749 accedunt
1077 1688 1211 1774 stipulis

8 1777 26 1800 ·’
98 1767 304 1846 rotundatis,
327 1770 422 1833 caule
444 1789 534 1852 saepc
556 1767 746 1846 latioribus,
770 1767 1029 1854 bi·quadrifidis.

8 1873 21 1966 g
99 1892 193 1967 uota.
225 1899 609 1968 Juuccanauutn
640 1900 798 1967 sestaria
837 1903 981 1969 sursunt
1013 1883 1210 1991 repentinus

185 1986 475 2073 simpliciusculis,
504 1988 593 2053 loliis
614 1988 919 2055 semivesticalibus
944 1992 1133 2055 rotundatis
1156 1992 1229 2056 in--
1297 2045 1307 2052 .
1392 2025 1394 2032 v

186 2073 375 2158 tegerrimis
399 2071 700 2164 emarginatisqus,
723 2076 858 2163 stipulis
880 2077 1095 2154 lamentatis,
1118 2079 1210 2166 peri·
1317 2130 1322 2142 .

69 2209 73 2214 .
182 2158 311 2223 chaetiis
330 2162 421 2225 inter
443 2159 526 2227 folia
548 2183 706 2249 suprema
728 2174 873 2228 connata
895 2161 1098 2230 absconditis
1122 2188 1208 2241 ova·

178 2244 221 2310 tis
245 2267 305 2309 ore
320 2249 463 2312 ‚demum
490 2245 694 2332 quadrifidis.
1186 2245 1191 2256 '

62 2400 64 2404 .
182 2327 207 2390 I.
228 2332 364 2394 scalaris
388 2328 526 2393 Sobrnd.
555 2364 599 2378 -
629 2324 728 2402 Huok.
757 2329 860 2418 jung.
894 2334 917 2389 t.
948 2329 999 2392 61.
1044 2328 1148 2394 Hook.
1172 2342 1206 2396 et

229 2409 329 2499 Tayl.
353 2436 450 2477 muso.
473 2409 551 2478 brit.
572 2436 607 2499 p.
625 2414 699 2478 254.
767 2405 936 2498 Lindcnlt:
954 2436 1081 2501 synope.
1096 2440 1134 2504 p.
1153 2419 1205 2482 26.

219 2501 358 2586 Spreog.
390 2506 471 2586 synt.
506 2520 578 2586 vag.
600 2497 630 2563 4Ι
660 2519 695 2584 p·
719 2500 799 2565 221!
844 2497 950 2566 Ekort
970 2505 1101 2587 sy'nops.
1125 2512 1148 2567 t.
1173 2504 1203 2568 6.

211 2582 321 2734 filyfi.
351 2594 383 2651 et
404 2593 429 2654 t.
453 2583 501 2653 15·
518 2585 553 2674 s
579 2581 648 2651 113·
676 2579 718 2651 Β.
768 2581 910 2653 Hortm.
926 2582 1062 2652 tanda
1087 2588 1143 2662 ed.
1173 2609 1204 2656 α.

244 2718 251 2734 .
277 2673 295 2738 5
319 2683 348 2734 ⁰.
1154 2727 1157 2735 .

134 2696 277 2826 Habp'n
302 2754 513 2841 marginibus
532 2753 682 2821 humidis
703 2758 891 2830 fossarum,
923 2757 1097 2843 praecipue
1123 2780 1200 2823 are·

173 2865 352 2923 nonarum,
379 2854 418 2906 ut
447 2863 558 2930 prope
581 2842 713 2928 sylvam
735 2841 864 2926 regiam
883 2842 922 2906 in
947 2841 1144 2927 Carlslsage,
1166 2856 1200 2910 et

173 2935 207 2997 in
233 2930 490 3081 L'apsbybacksr
512 2926 669 3016 copiosa,
702 2949 820 2994 mense
842 2926 1097 2995 frondescentiae
1119 2930 1196 2997 laetc
1248 2967 1252 2976 ·

174 3021 206 3084 fr
233 3019 273 3082 cti
302 3038 388 3082 cans.

102 3044 316 3178 ⁴Periiltaetii
342 3111 509 3169 structura
532 3097 695 3185 singulari
720 3099 793 3165 haec
826 3095 953 3189 species
975 3096 1138 3169 facillima
1160 3114 1197 3169 et

82 3192 251 3260 tutissime
273 3191 315 3256 ab
337 3189 495 3254 omnibus
516 3189 637 3251 formis
658 3185 686 3250 J.
710 3185 906 3273 pumilae,
936 3183 964 3251 J.
989 3186 1192 3275 Sphagni,
1251 3273 1255 3277 Α

80 3278 109 3343 t.
131 3276 316 3369 T‘aylori
348 3286 408 3340 cet.
432 3273 664 3374 distinguimus
698 3274 798 3341 etiam
822 3273 945 3340 sterilis
972 3274 1192 3374 sapiusnon
1286 3271 1289 3278 ’

80 3362 354 3514 {tutttttlt
369 3360 1192 3533 tlltgltttttt'tt,htl‘lttffltltnlltlt

81 3532 180 3599 valde
201 3534 381 3599 immerito.
425 3535 462 3598 ln
485 3534 629 3599 surculis
653 3533 808 3618 quidem,
840 3533 1012 3623 praecipuc
1032 3533 1190 3600 fructife-

77 3616 127 3682 ris
158 3619 346 3706 plerisque,
378 3619 482 3683 denso
510 3619 737 3685 radiculsrum
759 3619 840 3683 villo
864 3619 996 3694 obsitis,
1017 3640 1079 3702 ago
1100 3641 1189 3705 quo-

80 3724 146 3790 que
169 3706 353 3790 saepissime
375 3703 500 3769 frustra
520 3705 658 3791 stipulas
680 3699 838 3791 q⁸uaesivi3
860 3706 895 3771 in
917 3704 1086 3770 sterilibus
1104 3728 1186 3771 vero

23 3807 25 3810 ·
77 3789 280 3868 laxioribus,
304 3789 414 3854 minus
437 3789 651 3867 radiculosis,
674 3791 936 3858 evidentissimas
952 3792 1088 3869 adsunt,
1108 3794 1187 3856 nul-

77 3875 112 3940 lo
136 3876 238 3941 modo
262 3896 339 3941 cum
370 3875 526 3941 radiculis
547 3876 677 3941 coalitis
707 3871 960 3965 comparandas,
989 3878 1185 3944 ovato-lau·

24 3967 28 3974 '
81 3964 230 4043 ceolatae,
264 3961 518 4043 obtusiusculte,
559 3963 695 4032 texturd
728 3965 867 4033 omnino
891 3975 930 4032 ut
960 3963 996 4032 in
1016 3962 1114 4030 loliis.
1137 3996 1183 4015 -
